% This file was created with JabRef 2.6.
% Encoding: Cp1252
%

@ARTICLE{Tag,
  author = {Nombre Apellido},
  title = {titulo del articulo},
  journal = {Revista},
  year = {1996},
  volume = {29},
  pages = {1335-1346},
  owner = {Ramiro},
  timestamp = {2010.06.24}
}
